@article{Reference1,
        keyword={first},
	
	Author = {Federal Trade Commission
Government agency},


	Title = {New Data Shows FTC Received 2.2 Million Fraud Reports from Consumers in 2020
},
	Url = {https://www.ftc.gov/news-events/news/press-releases/2021/02/new-data-shows-ftc-received-22-million-fraud-reports-consumers-2020},
	Year = {2020}}

@article{Reference2,
	keyword={second},
	Author = {Europay, Mastercard, and Visa },
	

	Title = {What you need to know about the EMV liability shift},
	
	Url = {https://www.fisglobal.com/en/insights/merchant-solutions-worldpay/article/how-to-navigate-the-emv-liability-shift#:~:text=Has%20the%20EMV%20liability%20shift,December%202015%20to%20December%202017.},
	Year = {2018}}

@article{Reference3,
        keyword={third},
	
	Author = {Jeffrey Steinberg. },
	


	Title = {Critical Insights on Key Fraud Cost Drivers},
	
	Url = {https://risk.lexisnexis.com/insights-resources/research/us-ca-true-cost-of-fraud-study},
	Year = {2019}}

